@Manual{R-base,
  title = {R: A Language and Environment for Statistical Computing},
  author = {{R Core Team}},
  organization = {R Foundation for Statistical Computing},
  address = {Vienna, Austria},
  year = {2023},
  url = {https://www.R-project.org/},
}
@Manual{R-papaja,
  title = {{papaja}: {Prepare} reproducible {APA} journal articles with {R Markdown}},
  author = {Frederik Aust and Marius Barth},
  year = {2024},
  note = {R package version 0.1.3},
  url = {https://github.com/crsh/papaja},
  doi = {10.32614/CRAN.package.papaja},
}
@Manual{R-tinylabels,
  title = {{tinylabels}: Lightweight Variable Labels},
  author = {Marius Barth},
  year = {2023},
  note = {R package version 0.2.4},
  url = {https://cran.r-project.org/package=tinylabels},
}
@Article{R-tinytex,
  title = {TinyTeX: A lightweight, cross-platform, and easy-to-maintain LaTeX distribution based on TeX Live},
  author = {Yihui Xie},
  journal = {TUGboat},
  year = {2019},
  volume = {40},
  number = {1},
  pages = {30--32},
  url = {https://tug.org/TUGboat/Contents/contents40-1.html},
}
@Manual{R-broom,
  title = {broom: Convert Statistical Objects into Tidy Tibbles},
  author = {David Robinson and Alex Hayes and Simon Couch},
  year = {2024},
  note = {R package version 1.0.7},
  url = {https://CRAN.R-project.org/package=broom},
}
@Manual{R-corrr,
  title = {corrr: Correlations in R},
  author = {Max Kuhn and Simon Jackson and Jorge Cimentada},
  year = {2022},
  note = {R package version 0.4.4},
  url = {https://CRAN.R-project.org/package=corrr},
}
@Manual{R-dplyr,
  title = {dplyr: A Grammar of Data Manipulation},
  author = {Hadley Wickham and Romain François and Lionel Henry and Kirill Müller and Davis Vaughan},
  year = {2023},
  note = {R package version 1.1.4},
  url = {https://CRAN.R-project.org/package=dplyr},
}
@Manual{R-forcats,
  title = {forcats: Tools for Working with Categorical Variables (Factors)},
  author = {Hadley Wickham},
  year = {2023},
  note = {R package version 1.0.0},
  url = {https://CRAN.R-project.org/package=forcats},
}
@Book{R-ggplot2,
  author = {Hadley Wickham},
  title = {ggplot2: Elegant Graphics for Data Analysis},
  publisher = {Springer-Verlag New York},
  year = {2016},
  isbn = {978-3-319-24277-4},
  url = {https://ggplot2.tidyverse.org},
}
@Article{R-lubridate,
  title = {Dates and Times Made Easy with {lubridate}},
  author = {Garrett Grolemund and Hadley Wickham},
  journal = {Journal of Statistical Software},
  year = {2011},
  volume = {40},
  number = {3},
  pages = {1--25},
  url = {https://www.jstatsoft.org/v40/i03/},
}
@Manual{R-NatParksPalettes,
  title = {NatParksPalettes: Color Palettes Inspired by National Parks},
  author = {Kevin Blake},
  year = {2022},
  note = {R package version 0.2.0},
  url = {https://CRAN.R-project.org/package=NatParksPalettes},
}
@Manual{R-pacman,
  title = {{pacman}: {P}ackage Management for {R}},
  author = {Tyler W. Rinker and Dason Kurkiewicz},
  address = {Buffalo, New York},
  note = {version 0.5.0},
  year = {2018},
  url = {http://github.com/trinker/pacman},
}
@Manual{R-pandoc,
  title = {pandoc: Manage and Run Universal Converter 'Pandoc' from 'R'},
  author = {Christophe Dervieux},
  year = {2023},
  note = {R package version 0.2.0},
  url = {https://CRAN.R-project.org/package=pandoc},
}
@Manual{R-purrr,
  title = {purrr: Functional Programming Tools},
  author = {Hadley Wickham and Lionel Henry},
  year = {2023},
  note = {R package version 1.0.2},
  url = {https://CRAN.R-project.org/package=purrr},
}
@Manual{R-pwr,
  title = {pwr: Basic Functions for Power Analysis},
  author = {Stephane Champely},
  year = {2020},
  note = {R package version 1.3-0},
  url = {https://CRAN.R-project.org/package=pwr},
}
@Manual{R-readr,
  title = {readr: Read Rectangular Text Data},
  author = {Hadley Wickham and Jim Hester and Jennifer Bryan},
  year = {2024},
  note = {R package version 2.1.5},
  url = {https://CRAN.R-project.org/package=readr},
}
@Manual{R-stringr,
  title = {stringr: Simple, Consistent Wrappers for Common String Operations},
  author = {Hadley Wickham},
  year = {2023},
  note = {R package version 1.5.1},
  url = {https://CRAN.R-project.org/package=stringr},
}
@Manual{R-tibble,
  title = {tibble: Simple Data Frames},
  author = {Kirill Müller and Hadley Wickham},
  year = {2023},
  note = {R package version 3.2.1},
  url = {https://CRAN.R-project.org/package=tibble},
}
@Manual{R-tidyr,
  title = {tidyr: Tidy Messy Data},
  author = {Hadley Wickham and Davis Vaughan and Maximilian Girlich},
  year = {2024},
  note = {R package version 1.3.1},
  url = {https://CRAN.R-project.org/package=tidyr},
}
@Article{R-tidyverse,
  title = {Welcome to the {tidyverse}},
  author = {Hadley Wickham and Mara Averick and Jennifer Bryan and Winston Chang and Lucy D'Agostino McGowan and Romain François and Garrett Grolemund and Alex Hayes and Lionel Henry and Jim Hester and Max Kuhn and Thomas Lin Pedersen and Evan Miller and Stephan Milton Bache and Kirill Müller and Jeroen Ooms and David Robinson and Dana Paige Seidel and Vitalie Spinu and Kohske Takahashi and Davis Vaughan and Claus Wilke and Kara Woo and Hiroaki Yutani},
  year = {2019},
  journal = {Journal of Open Source Software},
  volume = {4},
  number = {43},
  pages = {1686},
  doi = {10.21105/joss.01686},
}

@article{beck2006children,
  title={Children's thinking about counterfactuals and future hypotheticals as possibilities},
  author={Beck, Sarah R and Robinson, Elizabeth J and Carroll, Daniel J and Apperly, Ian A},
  journal={Child Development},
  volume={77},
  number={2},
  pages={413--426},
  year={2006},
  publisher={Wiley Online Library},
  doi={10.1111/j.1467-8624.2006.00879.x}
}

@book{berk2017development,
  title={Development through the lifespan},
  author={Berk, Laura E},
  year={2017},
  publisher={SAGE},
  edition={7}
}

@article{elkind1961children,
  title={Children's discovery of the conservation of mass, weight, and volume: Piaget Replication Study II},
  author={Elkind, David},
  journal={The Journal of Genetic Psychology},
  volume={98},
  number={2},
  pages={219--227},
  year={1961},
  publisher={Taylor \& Francis},
  doi={10.1080/00221325.1961.10534372}
}

@article{german1999children,
  title={Children's causal reasoning: Counterfactual thinking occurs for 'negative' outcomes only},
  author={German, Tim P},
  journal={Developmental Science},
  volume={2},
  number={4},
  pages={442--457},
  year={1999},
  publisher={Wiley Online Library},
  doi={10.1111/1467-7687.00088}
}

@article{harris1996children,
  title={Children's use of counterfactual thinking in causal reasoning},
  author={Harris, Paul L and German, Tim and Mills, Patrick},
  journal={Cognition},
  volume={61},
  number={3},
  pages={233--259},
  year={1996},
  publisher={Elsevier},
  doi={10.1016/s0010-0277(96)00715-9}
}

@incollection{keil2014coming,
  title={Coming to understand the physical world},
  author={Keil, Frank C},
  booktitle={Developmental psychology: The growth of mind and behavior},
  pages={145--184},
  year={2014},
  publisher={W.W. Norton \& Company}
}

@incollection{kiminyo1977cross,
  title={A cross-cultural study of the development of conservation of mass, weight, and volume among Kamba children},
  author={Kiminyo, D Mwenesi},
  booktitle={Piagetian psychology: Cross-cultural contributions},
  pages={64--88},
  year={1977}
}

@article{leahy2013basic,
  title={Basic conditional reasoning: How children mimic counterfactual reasoning},
  author={Leahy, Brian and Rafetseder, Eva and Perner, Josef},
  journal={Studia Logica},
  volume={102},
  number={4},
  pages={793--810},
  year={2013},
  publisher={Springer},
  doi={10.1007/s11225-013-9510-7}
}

@book{lewis1973counterfactuals,
  title={Counterfactuals},
  author={Lewis, David},
  year={1973},
  publisher={Blackwell},
  address={Oxford, UK}
}

@book{matthews1982philosophy,
  title={Philosophy and the young child},
  author={Matthews, Gareth B},
  year={1982},
  publisher={Harvard University Press}
}

@book{matthews1996philosophy,
  title={The philosophy of childhood},
  author={Matthews, Gareth B},
  year={1996},
  publisher={Harvard University Press}
}

@article{nyhout2019mature,
  title={Mature counterfactual reasoning in 4-and 5-year-olds},
  author={Nyhout, Angela and Ganea, Patricia A},
  journal={Cognition},
  volume={183},
  pages={57--66},
  year={2019},
  publisher={Elsevier},
  doi={10.1016/j.cognition.2018.10.027}
}

@article{nyhout2017children,
  title={Children's counterfactual reasoning about causally overdetermined events},
  author={Nyhout, Angela and Henke, Lisa and Ganea, Patricia A},
  journal={Child Development},
  volume={90},
  number={2},
  pages={610--622},
  year={2017},
  publisher={Wiley Online Library},
  doi={10.1111/cdev.12913}
}

@article{rafetseder2013counterfactual,
  title={Counterfactual reasoning: From childhood to adulthood},
  author={Rafetseder, Eva and Schwitalla, Maria and Perner, Josef},
  journal={Journal of Experimental Child Psychology},
  volume={114},
  number={3},
  pages={389--404},
  year={2013},
  publisher={Elsevier},
  doi={10.1016/j.jecp.2012.10.010}
}

@book{piaget1952origins,
  title={The origins of intelligence in children},
  author={Piaget, Jean},
  year={1952},
  publisher={International Universities Press}
}

@book{piaget1974child,
  title={The child's construction of quantities},
  author={Piaget, Jean and Inhelder, B{\"a}rbel},
  year={1974},
  publisher={Routledge \& Kegan Paul}
}

@book{piaget2000psychology,
  title={The psychology of the child},
  author={Piaget, Jean and Inhelder, B{\"a}rbel},
  year={2000},
  publisher={Basic Books},
  address={New York}
}

@incollection{shaffer2014cognitive,
  title={Cognitive development: Piaget's theory and Vygotsky's sociocultural viewpoint},
  author={Shaffer, David R and Kipp, Katherine},
  booktitle={Developmental psychology: Childhood and adolescence; 9th edition; International Edition},
  pages={201--248},
  year={2014}
}@Article{R-lme4,
  title = {Fitting Linear Mixed-Effects Models Using {lme4}},
  author = {Douglas Bates and Martin M{\"a}chler and Ben Bolker and Steve Walker},
  journal = {Journal of Statistical Software},
  year = {2015},
  volume = {67},
  number = {1},
  pages = {1--48},
  doi = {10.18637/jss.v067.i01},
}
@Manual{R-Matrix,
  title = {Matrix: Sparse and Dense Matrix Classes and Methods},
  author = {Douglas Bates and Martin Maechler and Mikael Jagan},
  year = {2024},
  note = {R package version 1.7-1},
  url = {https://CRAN.R-project.org/package=Matrix},
}
@Manual{R-MetBrewer,
  title = {MetBrewer: Color Palettes Inspired by Works at the Metropolitan Museum of
Art},
  author = {Blake Robert Mills},
  year = {2022},
  note = {R package version 0.2.0},
  url = {https://CRAN.R-project.org/package=MetBrewer},
}
@Book{R-nlme,
  title = {Mixed-Effects Models in S and S-PLUS},
  author = {José C. Pinheiro and Douglas M. Bates},
  year = {2000},
  publisher = {Springer},
  address = {New York},
  doi = {10.1007/b98882},
}
@Manual{R-scales,
  title = {scales: Scale Functions for Visualization},
  author = {Hadley Wickham and Thomas Lin Pedersen and Dana Seidel},
  year = {2023},
  note = {R package version 1.3.0},
  url = {https://CRAN.R-project.org/package=scales},
}
